@BOOK{Faraway:2004,
	title = {Extending the Linear Model with R: Generalized Linear, Mixed Effects and Nonparametric Regression Models},
	publisher = {CRCPress},
	author = {Faraway, J.~J.},
	year = {2004},
	edition = {2nd},
}

@ARTICLE{Unknown,
	author = {Larry Something},
	title = {Density Estimation 36-708},
	year = {2020},
	pages = {6},
	month = {3},
	publisher = {Carnegie Mellong University},
	doi = {https://www.stat.cmu.edu/~larry/=sml/densityestimation.pdf},
}

@article{Weglarczyk,
  author          = {Weglarczyk, S.},
  journal         = {ITM Web of Conferences},
  title           = {Kernel density estimation and its application},
  year            = {2018},
  doi 			  = {https://doi.org/10.1051/itmconf/20182300037}
}

@unpublished{Zambom,
  author = {Zambom, A.Z. & Dias, R.},
  note   = {},
  title  = {A Review of Kernel Density Estimation with Applications to Econometrics},
  year   = {2012},
  url	 = {https://arxiv.org/pdf/1212.2812}
}
